@inproceedings{heemels2012introduction,
  title={An introduction to event-triggered and self-triggered control},
  author={Heemels, Wilhelmus PMH and Johansson, Karl Henrik and Tabuada, Paulo},
  booktitle={2012 ieee 51st ieee conference on decision and control (cdc)},
  pages={3270--3285},
  year={2012},
  organization={IEEE}
}

@book{miskowicz2018event,
  title={Event-based control and signal processing},
  author={Miskowicz, Marek},
  year={2018},
  publisher={CRC press}
}

@article{schluter2020event,
  title={Event-triggered learning for linear quadratic control},
  author={Schluter, Henning and Solowjow, Friedrich and Trimpe, Sebastian},
  journal={IEEE Transactions on Automatic Control},
  year={2020},
  publisher={IEEE}
}

@article{beuchert2020overcoming,
  title={Overcoming bandwidth limitations in wireless sensor networks by exploitation of cyclic signal patterns: An event-triggered learning approach},
  author={Beuchert, Jonas and Solowjow, Friedrich and Trimpe, Sebastian and Seel, Thomas},
  journal={Sensors},
  volume={20},
  number={1},
  pages={260},
  year={2020},
  publisher={Multidisciplinary Digital Publishing Institute}
}

@article{singh2017extended,
  title={An extended linear quadratic regulator for LTI systems with exogenous inputs},
  author={Singh, Abhinav Kumar and Pal, Bikash C},
  journal={Automatica},
  volume={76},
  pages={10--16},
  year={2017},
  publisher={Elsevier}
}

@book{eldar2012compressed,
  title={Compressed sensing: theory and applications},
  author={Eldar, Yonina C and Kutyniok, Gitta},
  year={2012},
  publisher={Cambridge university press}
}

@article{van1981certainty,
  title={The certainty equivalence property in stochastic control theory},
  author={Van de Water, Henk and Willems, J},
  journal={IEEE Transactions on Automatic Control},
  volume={26},
  number={5},
  pages={1080--1087},
  year={1981},
  publisher={IEEE}
}

@article{mania2019certainty,
  title={Certainty equivalence is efficient for linear quadratic control},
  author={Mania, Horia and Tu, Stephen and Recht, Benjamin},
  journal={arXiv preprint arXiv:1902.07826},
  year={2019}
}


@article{donoho2006compressed,
  title={Compressed sensing},
  author={Donoho, David L},
  journal={IEEE Transactions on information theory},
  volume={52},
  number={4},
  pages={1289--1306},
  year={2006},
  publisher={IEEE}
}


@article{wonham1968separation,
  title={On the separation theorem of stochastic control},
  author={Wonham, Walter Murray},
  journal={SIAM Journal on Control},
  volume={6},
  number={2},
  pages={312--326},
  year={1968},
  publisher={SIAM}
}

@article{batty2012smart,
  title={Smart cities of the future},
  author={Batty, Michael and Axhausen, Kay W and Giannotti, Fosca and Pozdnoukhov, Alexei and Bazzani, Armando and Wachowicz, Monica and Ouzounis, Georgios and Portugali, Yuval},
  journal={The European Physical Journal Special Topics},
  volume={214},
  number={1},
  pages={481--518},
  year={2012},
  publisher={Springer}
}

@article{al2015applications,
  title={Applications of big data to smart cities},
  author={Al Nuaimi, Eiman and Al Neyadi, Hind and Mohamed, Nader and Al-Jaroodi, Jameela},
  journal={Journal of Internet Services and Applications},
  volume={6},
  number={1},
  pages={1--15},
  year={2015},
  publisher={SpringerOpen}
}


@article{kalman,
    Author = {Kalman, Rudolph Emil},
    Title = {A New Approach to Linear Filtering and Prediction Problems},
    Journal = {Transactions of the ASME--Journal of Basic Engineering},
    Volume = {82},
    Number = {Series D},
    Pages = {35--45},
    Year = {1960}
}

@incollection{borkar1997lqg,
  title={LQG control with communication constraints},
  author={Borkar, Vivek S and Mitter, Sanjoy K},
  booktitle={Communications, Computation, Control, and Signal Processing},
  pages={365--373},
  year={1997},
  publisher={Springer}
}


@inproceedings{atassi1998separation,
  title={A separation principle for the control of a class of nonlinear systems},
  author={Atassi, Ahmad Nazir and Khalil, Hassan K},
  booktitle={Proceedings of the 37th IEEE Conference on Decision and Control (Cat. No. 98CH36171)},
  volume={1},
  pages={855--860},
  year={1998},
  organization={IEEE}
}

@ARTICLE{6146405,
  author={Fu, Minyue},
  journal={IEEE Transactions on Automatic Control},
  title={Lack of Separation Principle for Quantized Linear Quadratic Gaussian Control},
  year={2012},
  volume={57},
  number={9},
  pages={2385-2390},
  doi={10.1109/TAC.2012.2187010}}

@book{stengel1994optimal,
  title={Optimal control and estimation},
  author={Stengel, Robert F},
  year={1994},
  publisher={Courier Corporation}
}

@inproceedings{branicky2002scheduling,
  title={Scheduling and feedback co-design for networked control systems},
  author={Branicky, Michael S and Phillips, Stephen M and Zhang, Wei},
  booktitle={Proceedings of the 41st IEEE Conference on Decision and Control, 2002.},
  volume={2},
  pages={1211--1217},
  year={2002},
  organization={IEEE}
}

@article{peng2013event,
  title={Event-triggered communication and H control co-design for networked control systems},
  author={Peng, Chen and Yang, Tai Cheng},
  journal={Automatica},
  volume={49},
  number={5},
  pages={1326--1332},
  year={2013},
  publisher={Elsevier}
}


@article{yun2011optimal,
  title={Optimal Co-design of Networked LQR Controller and Bandwidth Schedule Based on CAN-bus [J]},
  author={Yun, Niu and Xuguang, Wu},
  journal={Computer Measurement \& Control},
  volume={3},
  year={2011}
}

@article{zhang2006communication,
  title={Communication and control co-design for networked control systems},
  author={Zhang, Lei and Hristu-Varsakelis, Dimitrios},
  journal={Automatica},
  volume={42},
  number={6},
  pages={953--958},
  year={2006},
  publisher={Elsevier}
}

@article{hespanha2007survey,
  title={A survey of recent results in networked control systems},
  author={Hespanha, Joao P and Naghshtabrizi, Payam and Xu, Yonggang},
  journal={Proceedings of the IEEE},
  volume={95},
  number={1},
  pages={138--162},
  year={2007},
  publisher={IEEE}
}




@Book{Camacho2013,
  Title                    = {Model predictive control},
  Author                   = {Camacho, Eduardo F and Alba, Carlos Bordons},
  Publisher                = {Springer Science \& Business Media},
  Year                     = {2013},

  Owner                    = {Roberto Calandra},
  Timestamp                = {2016.03.30}
}

@book{borrelli2017predictive,
  title={Predictive control for linear and hybrid systems},
  author={Borrelli, Francesco and Bemporad, Alberto and Morari, Manfred},
  year={2017},
  publisher={Cambridge University Press}
}

@article{schenato2007foundations,
  title={Foundations of control and estimation over lossy networks},
  author={Schenato, Luca and Sinopoli, Bruno and Franceschetti, Massimo and Poolla, Kameshwar and Sastry, S Shankar},
  journal={Proceedings of the IEEE},
  volume={95},
  number={1},
  pages={163--187},
  year={2007},
  publisher={IEEE}
}

@article{LSTM,
  title={Long short-term memory},
  author={Hochreiter, Sepp and Schmidhuber, J{\"u}rgen},
  journal={Neural computation},
  volume={9},
  number={8},
  pages={1735--1780},
  year={1997},
  publisher={MIT Press}
}




@inproceedings{chinchali2018cellular,
  title={Cellular network traffic scheduling with deep reinforcement learning},
  author={Chinchali, Sandeep and Hu, Pan and Chu, Tianshu and Sharma, Manu and Bansal, Manu and Misra, Rakesh and Pavone, Marco and Katti, Sachin},
  booktitle={Proceedings of the AAAI Conference on Artificial Intelligence},
  volume={32},
  number={1},
  year={2018}
}

@inproceedings{agrawal2020learningcontrol,
  title={Learning convex optimization control policies},
  author={Agrawal, Akshay and Barratt, Shane and Boyd, Stephen and Stellato, Bartolomeo},
  booktitle={Learning for Dynamics and Control},
  pages={361--373},
  year={2020},
  organization={PMLR}
}

@article{agrawal2020learning,
  title={Learning Convex Optimization Models},
  author={Agrawal, Akshay and Barratt, Shane and Boyd, Stephen},
  journal={arXiv preprint arXiv:2006.04248},
  year={2020}
}

@online{PJM,
  author={PJM},
  title={Hourly Energy Consumption},
  url={https://www.kaggle.com/robikscube/hourly-energy-consumption},
  year={2015}
}

@online{SK,
  author={Roh, Hongchan and Hwang, Dooyoung},
  title={Apache Spark AI Use Case in Telco: Network Quality Analysis and Prediction with Geospatial Visualization},
  url={https://databricks.com/session_eu19/apache-spark-ai-use-case-in-telco-network-quality-analysis-and-prediction-with-geospatial-visualization},
  year={2019}
}

@online{Uber,
  author={Chen, Danny and Joshi, Omkar},
  title={Marmaray: An Open Source Generic Data Ingestion and Dispersal Framework and Library for Apache Hadoop},
  url={https://eng.uber.com/marmaray-hadoop-ingestion-open-source/},
  year={2018}
}

@article{recht2019tour,
  title={A tour of reinforcement learning: The view from continuous control},
  author={Recht, Benjamin},
  journal={Annual Review of Control, Robotics, and Autonomous Systems},
  volume={2},
  pages={253--279},
  year={2019},
  publisher={Annual Reviews}
}

@inproceedings{mivsura2016data,
  title={Data marketplace for Internet of Things},
  author={Mi{\v{s}}ura, Kre{\v{s}}imir and {\v{Z}}agar, Mario},
  booktitle={2016 International Conference on Smart Systems and Technologies (SST)},
  pages={255--260},
  year={2016},
  organization={IEEE}
}

@article{ghorbani2019data,
  title={Data shapley: Equitable valuation of data for machine learning},
  author={Ghorbani, Amirata and Zou, James},
  journal={arXiv preprint arXiv:1904.02868},
  year={2019}
}


@inproceedings{agarwal2019marketplace,
  title={A marketplace for data: An algorithmic solution},
  author={Agarwal, Anish and Dahleh, Munther and Sarkar, Tuhin},
  booktitle={Proceedings of the 2019 ACM Conference on Economics and Computation},
  pages={701--726},
  year={2019}
}



@article{tatikonda2004control,
  title={Control under communication constraints},
  author={Tatikonda, Sekhar and Mitter, Sanjoy},
  journal={IEEE Transactions on automatic control},
  volume={49},
  number={7},
  pages={1056--1068},
  year={2004},
  publisher={IEEE}
}

@article{tatikonda2004stochastic,
  title={Stochastic linear control over a communication channel},
  author={Tatikonda, Sekhar and Sahai, Anant and Mitter, Sanjoy},
  journal={IEEE transactions on Automatic Control},
  volume={49},
  number={9},
  pages={1549--1561},
  year={2004},
  publisher={IEEE}
}

@article{kostina2019rate,
  title={Rate-cost tradeoffs in control},
  author={Kostina, Victoria and Hassibi, Babak},
  journal={IEEE Transactions on Automatic Control},
  volume={64},
  number={11},
  pages={4525--4540},
  year={2019},
  publisher={IEEE}
}

@inproceedings{donti2017task,
  title={Task-based end-to-end model learning in stochastic optimization},
  author={Donti, Priya and Amos, Brandon and Kolter, J Zico},
  booktitle={Advances in Neural Information Processing Systems},
  pages={5484--5494},
  year={2017}
}

@inproceedings{amos2018differentiable,
  title={Differentiable MPC for end-to-end planning and control},
  author={Amos, Brandon and Jimenez, Ivan and Sacks, Jacob and Boots, Byron and Kolter, J Zico},
  booktitle={Advances in Neural Information Processing Systems},
  pages={8289--8300},
  year={2018}
}

@inproceedings{yin2015control,
  title={A control-theoretic approach for dynamic adaptive video streaming over HTTP},
  author={Yin, Xiaoqi and Jindal, Abhishek and Sekar, Vyas and Sinopoli, Bruno},
  booktitle={Proceedings of the 2015 ACM Conference on Special Interest Group on Data Communication},
  pages={325--338},
  year={2015}
}

@inproceedings{mao2017neural,
  title={Neural adaptive video streaming with pensieve},
  author={Mao, Hongzi and Netravali, Ravi and Alizadeh, Mohammad},
  booktitle={Proceedings of the Conference of the ACM Special Interest Group on Data Communication},
  pages={197--210},
  year={2017}
}

@inproceedings{riiser2013commute,
  title={Commute path bandwidth traces from 3G networks: analysis and applications},
  author={Riiser, Haakon and Vigmostad, Paul and Griwodz, Carsten and Halvorsen, P{\aa}l},
  booktitle={Proceedings of the 4th ACM Multimedia Systems Conference},
  pages={114--118},
  year={2013}
}

@article{amos2017optnet,
  title={Optnet: Differentiable optimization as a layer in neural networks},
  author={Amos, Brandon and Kolter, J Zico},
  journal={arXiv preprint arXiv:1703.00443},
  year={2017}
}

@article{berger2003rate,
  title={Rate-distortion theory},
  author={Berger, Toby},
  journal={Wiley Encyclopedia of Telecommunications},
  year={2003},
  publisher={Wiley Online Library}
}

@article{blau2019rethinking,
  title={Rethinking lossy compression: The rate-distortion-perception tradeoff},
  author={Blau, Yochai and Michaeli, Tomer},
  journal={arXiv preprint arXiv:1901.07821},
  year={2019}
}

@article{nakanoya2020task,
  title={Task-relevant Representation Learning for Networked Robotic Perception},
  author={Nakanoya, Manabu and Chinchali, Sandeep and Anemogiannis, Alexandros and Datta, Akul and Katti, Sachin and Pavone, Marco},
  journal={arXiv preprint arXiv:2011.03216},
  year={2020}
}

@inproceedings{DBLP:conf/rss/NakanoyaCADKP21,
  author    = {Manabu Nakanoya and
               Sandeep Chinchali and
               Alexandros Anemogiannis and
               Akul Datta and
               Sachin Katti and
               Marco Pavone},
  editor    = {Dylan A. Shell and
               Marc Toussaint and
               M. Ani Hsieh},
  title     = {Co-Design of Communication and Machine Inference for Cloud Robotics},
  booktitle = {Robotics: Science and Systems XVII, Virtual Event, July 12-16, 2021},
  year      = {2021},
  url       = {https://doi.org/10.15607/RSS.2021.XVII.046},
  doi       = {10.15607/RSS.2021.XVII.046},
  timestamp = {Wed, 21 Jul 2021 17:07:40 +0200},
  biburl    = {https://dblp.org/rec/conf/rss/NakanoyaCADKP21.bib},
  bibsource = {dblp computer science bibliography, https://dblp.org}
}
